<record><leader>00000cas a2200000 a 4500</leader><controlfield tag="001">2337976</controlfield><controlfield tag="008">760727d18951902mtudn ne      0   a0eng c</controlfield><datafield ind1=" " ind2=" " tag="010"><subfield code="a">sn 84036147 </subfield></datafield><datafield ind1=" " ind2=" " tag="040"><subfield code="a">MUL</subfield><subfield code="b">eng</subfield><subfield code="c">MUL</subfield><subfield code="d">MTL</subfield><subfield code="d">DLC</subfield><subfield code="d">OCLCQ</subfield></datafield><datafield ind1=" " ind2=" " tag="042"><subfield code="a">pcc</subfield></datafield><datafield ind1=" " ind2=" " tag="043"><subfield code="a">n-us-mt</subfield></datafield><datafield ind1="0" ind2="0" tag="050"><subfield code="a">Newspaper</subfield></datafield><datafield ind1="0" ind2="0" tag="245"><subfield code="a">Helena evening herald.</subfield></datafield><datafield ind1="1" ind2="3" tag="246"><subfield code="a">Daily herald</subfield></datafield><datafield ind1="1" ind2="7" tag="246"><subfield code="a">Helena daily herald</subfield></datafield><datafield ind1=" " ind2=" " tag="260"><subfield code="a">Helena, Mont. :</subfield><subfield code="b">Herald Pub. Co.,</subfield><subfield code="c">1895-1902.</subfield></datafield><datafield ind1=" " ind2=" " tag="300"><subfield code="a">10 v. :</subfield><subfield code="b">ill. ;</subfield><subfield code="c">56 cm.</subfield></datafield><datafield ind1=" " ind2=" " tag="310"><subfield code="a">Daily (except Sunday)</subfield></datafield><datafield ind1="0" ind2=" " tag="362"><subfield code="a">Vol. 54, no. 263 (June 7, 1895)- ; -v. 37, no. 283 (Dec. 27, 1902).</subfield></datafield><datafield ind1=" " ind2=" " tag="500"><subfield code="a">Publishers: Herald Pub. Co. [Fisk Bros.], 1895-1900; Helena Herald Pub. Co., 1900-1902.</subfield></datafield><datafield ind1=" " ind2=" " tag="500"><subfield code="a">"The pioneer daily of Montana."</subfield></datafield><datafield ind1=" " ind2=" " tag="515"><subfield code="a">Numbering is irregular: between July 2, 1900 and Dec. 27, 1902 numbers changed to v. 33, no. 123-v. 37, no. 283.</subfield></datafield><datafield ind1=" " ind2=" " tag="530"><subfield code="a">Also issued on microfilm from the Library of Congress, Photoduplication Service.</subfield></datafield><datafield ind1=" " ind2=" " tag="752"><subfield code="a">United States</subfield><subfield code="b">Montana</subfield><subfield code="c">Lewis and Clark</subfield><subfield code="d">Helena.</subfield></datafield><datafield ind1="0" ind2=" " tag="775"><subfield code="t">Helena weekly herald</subfield><subfield code="w">(DLC)sn 84036143</subfield></datafield><datafield ind1="0" ind2=" " tag="775"><subfield code="t">Helena semi-weekly herald</subfield><subfield code="w">(DLC)sn 84036144</subfield></datafield><datafield ind1="0" ind2="0" tag="780"><subfield code="t">Helena herald (Helena, Mont. : 1890)</subfield><subfield code="w">(DLC)sn 84036146</subfield></datafield><datafield ind1="0" ind2="4" tag="785"><subfield code="t">Montana daily record</subfield><subfield code="w">(DLC)sn 83025307</subfield></datafield><datafield ind1="1" ind2=" " tag="029"><subfield code="a">AU@</subfield><subfield code="b">000025810298</subfield></datafield></record>